<record xmlns="http://www.loc.gov/MARC21/slim" xmlns:xsi="http://www.w3.org/2001/XMLSchema-instance" xsi:schemaLocation="http://www.loc.gov/MARC21/slim http://www.loc.gov/standards/marcxml/schema/MARC21slim.xsd">

  <leader>00536nam a2200133Ia 4500</leader>
  <datafield ind1=" " ind2=" " tag="999">
    <subfield code="c">914</subfield>
    <subfield code="d">914</subfield>
  </datafield>
  <controlfield tag="008">170829b2001    cr ||||| |||| 00| | spa d</controlfield>
  <datafield ind1=" " ind2=" " tag="020">
    <subfield code="a">9968988944</subfield>
  </datafield>
  <datafield tag="090" ind2=" " ind1=" ">
    <subfield code="a">06.03.04 </subfield>
    <subfield code="b">440</subfield>
  </datafield>
  <datafield ind1="1" ind2=" " tag="100">
    <subfield code="a">Fernández Ramírez, Aileen</subfield>
    <subfield code="9">3132</subfield>
  </datafield>
  <datafield ind2="0" tag="245" ind1="1">
    <subfield code="a">Normas nacionales. Componentes de salud física: Estudiantes costarricenses entre 8 y 17 años / </subfield>
    <subfield code="c">Aileen Fernández Ramírez, Cecilia González Alvarez, José Moncada Jiménez, Glenda Pearson Palmer, Marta E. Picado Ramírez, Rosiris Salas González.</subfield>
  </datafield>
  <datafield ind1=" " ind2=" " tag="260">
    <subfield code="a">San José, Costa Rica : </subfield>
    <subfield code="b">Editorial Baula, </subfield>
    <subfield code="c">2001</subfield>
  </datafield>
  <datafield ind1=" " tag="300" ind2=" ">
    <subfield code="a">63 páginas</subfield>
  </datafield>
  <datafield ind2="4" tag="650" ind1="1">
    <subfield code="a">EDUCACIÓN FÍSICA </subfield>
    <subfield code="9">479</subfield>
  </datafield>
  <datafield ind1="1" tag="650" ind2="4">
    <subfield code="a">SALUD</subfield>
    <subfield code="9">268</subfield>
  </datafield>
  <datafield tag="700" ind2=" " ind1="1">
    <subfield code="9">3133</subfield>
    <subfield code="a">González Alvarez, Cecilia </subfield>
  </datafield>
  <datafield ind1="1" ind2=" " tag="700">
    <subfield code="9">183</subfield>
    <subfield code="a">Moncada Jiménez, José</subfield>
  </datafield>
  <datafield ind1="1" tag="700" ind2=" ">
    <subfield code="9">3134</subfield>
    <subfield code="a">Pearson Palmer, Glenda </subfield>
  </datafield>
  <datafield ind2=" " tag="700" ind1="1">
    <subfield code="9">3135</subfield>
    <subfield code="a">Picado Ramírez, Marta E.</subfield>
  </datafield>
  <datafield ind2=" " tag="700" ind1="1">
    <subfield code="9">3136</subfield>
    <subfield code="a">Salas González, Rosiris </subfield>
  </datafield>
  <datafield ind1=" " ind2=" " tag="942">
    <subfield code="2">z</subfield>
    <subfield code="c">01</subfield>
  </datafield>
</record>